%% Insert your bibliography here


@article{pdblib,
author =       "E, Delage and Q.T, Pham and M, Karamitros and H, Payno and V, Stepan and S, Incerti and L, Maigne and Y, Perr",
title =        "{PDB4DNA: Implementation of DNA geometry from the Protein Data Bank (PDB) description for Geant4-DNA Monte-Carlo simulations}",
journal =      "Computer Physics Communications",
volume =       "192",
pages =        "282--288",
year =         "2015",
DOI =          "http://dx.doi.org/10.1016/j.cpc.2015.02.026"
}



@book{Podgorsak,
    title = {Radiation Physics for Medical Physicists},
    author = {E.B, Podgorsak},
    isbn = {978-3-642-00875-7},
    series = {biological and medical physics, biomedical engineering},
    year = {2010},
    publisher = {biological and medical physics, biomedical engineering},
    keywords = {physics, medical, radiation}
}

@book{Frank,
    title = {Introduction to Radiological Physics and Radiation Dosimetry},
    author = {F.H, Attix},
    isbn = {9780471011460},
    year = { 1986},
    publisher = {WILEY‚ÄêVCH Verlag GmbH \& Co. KGaA },
    keywords = {physics, medical, radiation, dosimetry}
}


@online{handson,
    author = "Emmanuel, Delage and Yann, Perrot",
    title = "Hands-on pdb4dna",
    url  = "http://pdb4dna.in2p3.fr/HandsOn_pdb4dna_vf.pdf",
    addendum = "(accedido: 01.09.2019)",
    keywords = "DNA, pdb4dna, radiation"
}

@book{Edward,
    title = {Radiation Biophysics },
    author = {Edward, Alpen},
    isbn = {9780120530854},
    year = { 1997},
    publisher = {Academic Press},
    keywords = {physics, medical, radiation, dosimetry}
}

@online{Thormod,
    author = "Thormod, Henriksen and Biophysics group at UiO",
    title = "Radiation and Health",
    url  = "https://www.mn.uio.no/fysikk/english/services/knowledge/radiation-and-health/",
    addendum = "(accedido: 10.09.2019)",
    keywords = "DNA, radiation, damage"
}


@online{Susan,
    author = "Susan Aldridge",
    title = "The DNA story",
    url  = "https://www.chemistryworld.com/news/the-dna-story/3003946.article",
    addendum = "(accedido: 05.08.2019)",
    keywords = "DNA"
}

@article{jwfc,
author =       "James, Watson and Francis, Crick ",
title =        "{Molecular Structure of Nucleid Acids}",
journal =      "Nature",
volume =       "4356",
pages =        "737-738",
year =         "1953",
}

@article{willmari,
    author = "William F., Morgan and Marianne B., Sowa",
    title = "Effects of ionizing radiation in nonirradiated cells",
    url  = "https://www.ncbi.nlm.nih.gov/pmc/articles/PMC1242332/",
    journal = "Proc Natl Acad Sci U S A",
    year = "2005", 
    DOI = "10.1073/pnas.0507119102"
}
